% Encoding: UTF-8

@Article{von_Lucke_2016,
  author    = {Jörn von Lucke},
  journal   = {Verwaltung {\&}amp$\mathsemicolon$ Management},
  title     = {Deutschland auf dem Weg zum Smart Government},
  year      = {2016},
  number    = {4},
  pages     = {171--186},
  volume    = {22},
  doi       = {10.5771/0947-9856-2016-4-171},
  publisher = {Nomos Verlag},
}

@Article{Kersting2017,
  author    = {Norbert Kersting},
  title     = {Open Data, Open Government und Online Partizipation in der Smart City. Vom Informationsobjekt über den deliberativen Turn zur Algorithmokratie?},
  year      = {2017},
  month     = {jul},
  pages     = {87--104},
  booktitle = {Staat, Internet und digitale Gouvernementalität},
  doi       = {10.1007/978-3-658-18271-7_5},
  publisher = {Springer Fachmedien Wiesbaden},
}

@Article{Demaj2018,
  author    = {Labinot Demaj},
  journal   = {Informatik-Spektrum},
  title     = {Smart Government: Die Verwaltung und den Staat der Zukunft denken},
  year      = {2018},
  month     = {mar},
  number    = {2},
  pages     = {123--137},
  volume    = {41},
  doi       = {10.1007/s00287-018-1098-x},
  publisher = {Springer Science and Business Media {LLC}},
}

@Book{Luhmann2018,
  author    = {Niklas Luhmann},
  editor    = {Ernst Lukas and Veronika Tacke},
  publisher = {Springer Fachmedien Wiesbaden},
  title     = {Schriften zur Organisation 1},
  year      = {2018},
  doi       = {10.1007/978-3-658-22503-2},
}

@Book{Veit2019,
  editor    = {Sylvia Veit and Christoph Reichard and Göttrik Wewer},
  publisher = {Springer Fachmedien Wiesbaden},
  title     = {Handbuch zur Verwaltungsreform},
  year      = {2019},
  doi       = {10.1007/978-3-658-21563-7},
}

@Book{Vogelgesang2016,
  author    = {Matthias Vogelgesang and Philip Pongratz},
  publisher = {Springer Fachmedien Wiesbaden},
  title     = {Serviceorientierte Verwaltung und Wirtschaftsförderung},
  year      = {2016},
  doi       = {10.1007/978-3-658-12465-6},
}

@Article{Schuppan2016,
  author    = {Tino Schuppan and Stefanie Köhl},
  journal   = {Verwaltung {\&}amp$\mathsemicolon$ Management},
  title     = {Verwaltung 4.0: Modernisierungsrelevant oder alter Wein in neuen Schläuchen?},
  year      = {2016},
  number    = {1},
  pages     = {27--33},
  volume    = {22},
  doi       = {10.5771/0947-9856-2016-1-27},
  publisher = {Nomos Verlag},
}

@Article{Lucke2018,
  author    = {Lucke, J{\"o}rn von},
  journal   = {57518},
  title     = {Smart Government auf einem schmalen Grat},
  year      = {2018},
  pages     = {97--125},
  publisher = {DEU},
}

@Article{Tonn2012,
  author    = {Tonn, Bruce and Stiefel, Dorian},
  journal   = {Futures},
  title     = {The future of governance and the use of advanced information technologies},
  year      = {2012},
  number    = {9},
  pages     = {812--822},
  volume    = {44},
  publisher = {Elsevier},
}

@Comment{jabref-meta: databaseType:bibtex;}

% Encoding: UTF-8
